@unpublished{speck88z,
author="J. Speck",
year = 	"1988",
note="private communication"
}

@unpublished{lagrange85a,
author="P. Lagrange",
year = 	"1986",
note="private communication"
}

@unpublished{holzwarth88a,
author="N.A.W. Holzwarth",
year = 	"1988",
note="private communication"
}

@unpublished{orlando88,
  author = 	"T.P. Orlando",
  note = 	"private communication",
  year = 	"1988"
}

@unpublished{ali88,
  author = 	"A. Kazeroonian",
  note = 	"private communication",
  year = 	"1988"
}

@inbook{erice:scy,
title = {Intercalation in Layered Materials},
editor ="Dresselhaus, M. S.", 
year ="1987",
author="G. Dresselhaus and A. Chaiken",
series ="NATO ASI Series",
publisher ="Plenum Press, New York"}

@article{poitrenaud70,
author="J. Poitrenaud",
journal={Rev. Phys. Appl.}, volume={5},
pages="275", year="1970"}

@book{ashcroft76,
author="N.W. Ashcroft and N.D. Mermin", year="1976",
title={Solid-State Physics}, publisher="Holt, Rinehart, and Winston"}

@book{bevington69,
author="P.R. Bevington", year="1969",
title={Data Reduction and Error Analysis for the Physical Sciences},
publisher="McGraw-Hill book Co."}

@inproceedings{stang88a,
author="I. Stang and K. Luders and E. Rossler and V. Geiser and H.-J. Guntherodt",
editor="D. Gu\'erard and P. Lagrange",
pages="267", note="Proceedings of the International Colloquium on Layered Compounds, Pont-a-Mousson, France, 8-10 March 1988"}

@article{fischer85,
author="J.E. Fischer and J.M. Bloch and C.C. Shieh and M.E Preil and K.
Jelley", journal={Phys. Rev.}, volume={B31},
pages="4773", year="1985"}

@article{conard81,
author="J. Conard and H. Estrade-Szwarckopf and P. Laguinie and M. El
Makrini and P. Lagrange and D. Gu\'erard", journal={Physica},
volume={105B}, pages="290", year="1981"}

@inbook{tanuma81,
publisher="Springer Verlag", 
author="S. Tanuma and Y. Iye and Y. Koike",  
title="Physics of Intercalation Compounds", 
editor="L. Pietronero and E. Tosatti", 
series="Springer Series in Solid-State Physics",
volume={38}, pages="298", year="1981"}

@inbook{livingston69,
publisher="Marcel Dekker, Inc.", 
author="J.D. Livingston and W. Desorbo",  
title="Superconductivity", 
editor="R.D. Parks", volume={2},
pages="1235-1281", year="1969"}

@inproceedings{takahashi86,
author="T. Takahashi and N. Gunasehara and T. Sagawa and H. Suematsu",
note="Ext. Abstracts of Symp. on Graphite Intercalation Compounds, Boston", year="1986",
editor="M.S. Dresselhaus and G. Dresselhaus", pages="77"}


@inproceedings{dicenzo86,
author="S.B. Dicenzo and E.H. Hartford{, Jr.} and J.E. Fischer",
editor="M.S. Dresselhaus and G. Dresselhaus", pages="83", 
note="Ext. Abstracts of Symp. on Graphite Intercalation Compounds, Boston", 
year="1986"}

@article{chan87,
author="C.T. Chan and K.M. Ho and W.A. Kamitakahara",
journal={Phys. Rev.}, volume={B36}, 
year="1987", pages="1987"}

@article{herold81,
author="A. H\'erold and D. Billaud and D. Gu\'erard and P. Lagrange and M. {El Makrini}",
journal={Physica}, volume={105B}, pages="253", year="1981"}

@article{suzuki85b,
author="K. Suzuki and  I. Tsu\-ji\-ka\-wa and  M. Ko\-ba\-ya\-shi and  H. In\-o\-ku\-chi and
Y. Oda and  A. Su\-mi\-ya\-ma and  H. Nagano and  Y. Kimishima", 
journal="Synth. Met.", volume="12",
pages="389", year="1985"}

@article{kobayashi85a,
author="M. Kobayashi and T. Enoki and H. Inokuchi and M. Sano and A. Sumiyama and Y. Oda and H. Nagano",
journal={J. Phys. Soc. Jpn.}, volume={54}, pages="2359",
year="1985"}

@article{matthias71,
author="B.T. Matthias", journal={Phys. Lett.},
volume={37A}, pages="249", year="1971"}

@article{mcrae85,
author="E. McRae and J.F. Mar\^ech\'e and A. Bendriss-Rerhrhaye and P. Lagrange and M. Lelaurin",
journal={Ann. de Phys.}, volume={11}, pages="13", year="1986"}

@article{helfand66, 
author="E. Helfand and N.R. Werthamer",
journal={Phys. Rev.}, volume={147}, pages="288", year="1966"}

@article{hein61,
author="R.A. Hein and R.L. Falge", journal={Phys. Rev.},
volume={123}, pages="407", year="1961"}

@article{alexander81,
author="M.G. Alexander and D.P. Goshorn and D. Gu\'erard and P. Lagrange and M. {El Makrini} and D.G. Onn",
journal={Sol. State Comm.}, volume={38}, pages="103", year="1981"}

@article{kamitakahara84,
author="W.A. Kamitakahara and L.E. Delong and P.C. Eklund and R.M. Nicklow",
journal={Phys. Rev.}, volume={B29}, pages="460", year="1984"}

@article{tilley65,
author="D.R. Tilley", journal={Proc. Phys. Soc. (London)},
volume={85}, pages="1177", year="1965"}

@article{eilenberger67,
author="G. Eilenberger", journal={Phys. Rev.},
volume={153}, pages="584", year="1967"}

@unpublished{tedrow88,
  author = 	"P. Tedrow",
  year = 	"1988",
  note = 	"private communication"
}

@article{weber78,
  author = 	"H.W. Weber and J.F. Sporna and E. Seidl",
  journal = 	"Phys. Rev. Lett.",
  year = 	"1978",
  volume = 	{41},
  pages = 	"1502"
}

@book{degennes66,
  author = 	"P.G. deGennes",
  title = 	"Superconductivity of Metals and Alloys",
  publisher = 	"W.A. Benjamin, Inc.",
  year = 	"1966",
  address = 	"New York"
}

@article{auer73,
  author = 	"J. Auer and H. Ullmaier",
  journal = 	"Phys. Rev.",
  year = 	"1973",
  volume = 	"B7",
  pages = 	"136"
}



@article{tinkham63,
  author = 	"M. Tinkham",
  journal = 	"Phys. Rev.",
  year = 	"1963",
  volume = 	"129",
  pages = 	"2413"
}

@article{tinkham64,
  author = 	"M. Tinkham",
  journal = 	"Phys. Lett.",
  year = 	"1964",
  volume = 	"9",
  pages = 	"217"
}

@article{butler80,
  author = 	"W.H. Butler",
  journal = 	"Phys. Rev. Lett.",
  year = 	"1980",
  volume = 	"44",
  pages = 	"1516"
}

@article{entel76,
  author = 	"P. Entel and M. Peter",
  journal = 	"J. Low Temp. Phys.",
  year = 	"1976",
  volume = 	"22",
  pages = 	"613"
}

@article{broussard88,
  author = 	"P.R. Broussard and T.H. Geballe",
  journal = 	"Phys. Rev.",
  year = 	"1988",
  volume = 	"B37",
  pages = 	"60"
}

@article{chin86,
  author = 	"C.S. Chin and T.P. Orlando",
  journal = 	"Phys Rev.",
  year = 	"1986?",
  volume = 	"?",
  pages = 	"?"
}

@article{ikebe80,
  author = 	"M. Ikebe and K. Katagiri and K. Noto and Y. Muto",
  journal = 	"Physica",
  year = 	"1980",
  volume = 	"99B",
  pages = 	"209"
}

@book{pugh66,
  author = 	"E.M. Pugh and G.H. Winslow",
  title = 	"The Analysis of Physical Measurements",
  publisher = 	"Addison-Wesley Publising Co., Reading, MA",
  year = 	"1966"
}

@article{werthamer66,
  author = 	"N.R. Werthamer and E. Helfand and P.C. Hohenberg",
  journal = 	"Phys. Rev.",
  year = 	"1966",
  volume = 	"147",
  pages = 	"295"
}

@inbook{fetter69,
  author = 	"A.L. Fetter and P.C. Hohenberg",
  title = 	"Superconductivity",
  publisher = 	"Marcel Dekker, Inc.",
  year = 	"1969",
  editor = 	"R.D. Parks",
  pages = 	"817",
  address = 	"New York"
}

@book{saintjames69,
  author = 	"D. Saint-James and G. Sarma and E.J. Thomas",
  title = 	"Type II Superconductivity",
  publisher = 	"Pergamon Press",
  year = 	"1969"
}

@article{gorkov59,
  author = 	"L.P. Gor'kov",
  journal = 	"Sov. Phys.-JETP",
  year = 	"1959",
  volume = 	"9",
  pages = 	"1364"
}


@article{gorkov60,
  author = 	"L.P. Gor'kov",
  journal = 	"Sov. Phys.-JETP",
  year = 	"10",
  volume = 	"1960",
  pages = 	"998"
}

@article{kats69,
  author = 	"E.I. Kats",
  journal = 	"Sov. Phys.-JETP",
  year = 	"1969",
  volume = 	"29",
  pages = 	"897"
}


@article{muto78,
  author = 	"Y. Muto and Y. Okada and N. Kobayashi and N. Toyota and M. Ikebe",
  journal = 	"J. Phys. (Paris)",
  year = 	"1978",
  volume = 	"39",
  pages = 	"C6-458"
}

@article{koike81,
  author = 	"Y. Koike and S. Tanuma",
  journal = 	"J. Phys. Soc. Jpn.",
  year = 	"1981",
  volume = 	"50",
  pages = 	"1964"
}

@article{pendrys83,
  author = 	"L.A. Pendrys and R.A. Wachnik and F.L. Vogel and P. Lagrange",
  journal = 	"Synth. Met.",
  year = 	"1983",
  volume = 	"5",
  pages = 	"277"
}

@inproceedings{vogel81,
  author = 	"F.L. Vogel and R.A. Wachnik and L.A. Pendrys",
  booktitle = 	"Physics of Intercalation Compounds",
  year = 	"1981",
  editor = 	"L. Pietronero and E. Tosatti",
  pages = 	"288",
  organization = "Springer Series in Solid-State Physics {\em 38}"
}

@article{somoano75,
  author = 	"R.B. Somoano and V. Hadek and A. Rembaum and S. Samson and J.A. Woollam",
  journal = 	"J. Chem. Phys.",
  year = 	"1975",
  volume = 	"62",
  pages = 	"1068"
}

@article{somoano73,
  author = 	"R.B. Somoano and V. Hadek and A. Rembaum",
  journal = 	"J. Chem. Phys.",
  year = 	"1973",
  volume = 	"58",
  pages = 	"697"
}

@article{biagi85,
  author = 	"K.R. Biagi and V.G. Kogan and J.R. Clem",
  journal = 	"Phys. Rev.",
  year = 	"1985",
  volume = 	"B32",
  pages = 	"7165"
}

@article{takahashi86b,
  author = 	"S. Takahashi and M. Tachiki",
  journal = 	"Phys. Rev.",
  year = 	"1986",
  volume = 	"B33",
  pages = 	"4620"
}

@article{klemm80,
  author = 	"R.A. Klemm and J.R. Clem",
  journal = 	"Phys. Rev.",
  year = 	"1980",
  volume = 	"B21",
  pages = 	"1868"
}


@article{cooper61,
  author = 	"L.N. Cooper",
  journal = 	"Phys. Rev. Lett.",
  year = 	"1961",
  volume = 	"6",
  pages = 	"689"
}

@inbook{decroux82,
  author = 	"M. Decroux and \O. Fischer",
  title = 	"Superconductivity in Ternary Compounds II",
  publisher = 	"Springer-Verlag",
  year = 	"1982",
  editor = 	"M.B. Maple and \O. Fischer",
  pages = 	"Chap. 3",
  address = 	"Berlin"
}

@article{mcmillan68,
  author = 	"W.L. McMillan",
  journal = 	"Phys. Rev.",
  year = 	"1968",
  volume = 	"167",
  pages = 	"331"
}

@article{morel62,
  author = 	"P. Morel and P.W. Anderson",
  journal = 	"Phys. Rev.",
  year = 	"1962",
  volume = 	"125",
  pages = 	"1263"
}

@book{merzbacher70,
  author = 	"E. Merzbacher",
  title = 	"Quantum Mechanics",
  publisher = 	"John Wiley and Sons",
  year = 	"1970"
}

@article{clogston62,
  author = 	"A.M. Clogston",
  journal = 	"Phys. Rev. Lett.",
  year = 	"1962",
  volume = 	"9",
  pages = 	"266"
}

@article{chandrasekhar62,
  author = 	"B.S. Chandrasekhar",
  journal = 	"App. Phys. Lett.",
  year = 	"1962",
  volume = 	"1",
  pages = 	"7"
}

@article{maki64,
  author = 	"K. Maki",
  journal = 	"Physics",
  year = 	"1964",
  volume = 	"1",
  pages = 	"127"
}

@phdthesis{elmakrini80,
  author = 	"M. {El Makrini}",
  school = 	"Universit\'e de Nancy",
  year = 	"1980"
}

@article{bulaevskii87,
  author = 	"L.N. Bulaevski\u{\i} and O.V. Dolgov",
  journal = 	"JETP Lett.",
  year = 	"1987",
  volume = 	"45",
  pages = 	"526"
}

@article{marsiglio87,
  author = 	"F. Marsiglio and J.P. Carbotte",
  journal = 	"Phys. Rev.",
  year = 	"1987",
  volume = 	"B36",
  pages = 	"3633"
}

@article{delong87,
  author = 	"L.E. Delong and G.W. Crabtree and L.N. Hall and D.G. Hinks and W.E. Kwok and S.K. Malik",
  journal = 	"Phys. Rev.",
  year = 	"1987",
  volume = 	"B36",
  pages = 	"7155"
}

@article{aoi73,
  author = 	"K. Aoi and R. Meservey and P.M. Tedrow",
  journal = 	"Phys. Rev.",
  year = 	"1973",
  volume = 	"B7",
  pages = 	"554"
}

@inproceedings{bergmann74,
  author = 	"G. Bergmann",
  booktitle = 	"Low Temp. Phys.",
  year = 	"1974",
  editor = 	"K.D. Timmerhaus and W.T. O'Sullivan and E.F. Hammel",
  pages = 	"552",
  organization = "Plenum Press"
}

@article{carter81,
  author = 	"W.L. Carter and S.J. Poon and G.W. Hull{, Jr.} and T.H. Geballe",
  journal = 	"Sol. State Comm.",
  year = 	"1981",
  volume = 	"39",
  pages = 	"41"
}

@article{suzuki85c,
  author = 	"K. Suzuki and I. Tsujikawa and M. Kobayashi and H. Inokuchi and Y. Oda and A. Sumiyama and H. Nagano and Y. Kimishima",
  journal = 	"Synth. Met.",
  year = 	"1985",
  volume = 	"12",
  pages = 	"389"
}

@article{pohl76,
  author = 	"H.-W. Pohl and H. Teichler",
  journal = 	"Phys. Stat. Sol.",
  year = 	"1976",
  volume = 	"b75",
  pages = 	"205"
}

@article{prohammer87,
  author = 	"M. Prohammer and E. Schachinger",
  journal = 	"Phys. Rev.",
  year = 	"1987",
  volume = 	"B36",
  pages = 	"8353"
}

@article{dalrymple84,
  author = 	"B.J. Dalrymple and D.E. Prober",
  journal = 	"J. Low Temp. Phys.",
  year = 	"1984",
  volume = 	"56",
  pages = 	"545"
}


@inbook{entel77,
  author = 	"P. Entel and M. Peter",
  title = 	"Anisotropy Effects in Superconductors",
  publisher = 	"Plenum Press",
  year = 	"1977",
  editor = 	"H.W. Weber",
  pages = 	"47",
  address = 	"New York"
}

@article{takahashi86c,
  author = 	"S. Takahashi and M. Tachiki",
  journal = 	"Phys. Rev.",
  year = 	"1986",
  volume = 	"B34",
  pages = 	"3162"
}

@article{alexander80,
  author = 	"M.G. Alexander and D.P. Goshorn and D. Gu\'erard and P. Lagrange and M. {El Makrini} and D.G. Onn",
  journal = 	"Synth. Met.",
  year = 	"1980",
  volume = 	"2",
  pages = 	"203"
}

@article{lee86,
  author = 	"P.A. Lee and T.M. Rice and J.W. Serene and L.J. Sham and J.W. Wilkins",
  journal = 	"Comm. Sol. State Phys.",
  year = 	"1986",
  volume = 	"12",
  pages = 	"99"
}

@phdthesis{decroux80,
  author = 	"M. Decroux",
  school = 	"University of Geneva",
  year = 	"1980"
}

@phdthesis{dalrymple83,
  author = 	"B.J. Dalrymple",
  title = 	"Upper Critical Fields of the Superconducting Ternary Layered Compounds Nb$_{1-x}$Ta$_x$Se$_2$",
  school = 	"Yale University",
  year = 	"1983"
}

@article{wexler76,
  author = 	"G. Wexler and A.M. Woolley",
  journal = 	"J. Phys.",
  year = 	"1976",
  volume = 	"C9",
  pages = 	"1185"
}

@article{avdeev87,
  author = 	"V.V. Avdeev and O.V. Zharikov and V.A. Nalimova and A.V. Pal'nichenko and K.N. Smenenko",
  journal = 	"Sov. Phys. JETP",
  year = 	"1987",
  volume = 	"65",
  pages = 	"800"
}

@article{hagen87,
  author = 	"C. Hagen and R. Griessen and D.G. deGroot and \O. Fischer and M.G. Karkut",
  journal = 	"Bull. Am. Phys. Soc.",
  year = 	"1987",
  volume = 	"32",
  pages = 	"916"
}

@article{kogan81,
  author = 	"V.G. Kogan",
  journal = 	"Phys. Rev.",
  year = 	"1981",
  volume = 	"B24",
  pages = 	"1572"
}

@article{kogan81a,
  author = 	"V.G. Kogan and J.R. Clem",
  journal = 	"Phys. Rev.",
  year = 	"1981",
  volume = 	"B24",
  pages = 	"2497"
}

@inproceedings{aljishi88,
  author = 	"R. Al-Jishi and A. Chaiken and M.S. Dresselhaus",
  booktitle = 	"Extended Abstracts on the Symposium on Graphite Intercalation Compounds",
  year = 	"1988",
  editor = 	"M.S. Dresselhaus and G. Dresselhaus",
  pages = 	"to be published",
  organization = 	"Materials Research Society",
  address = 	"Boston, MA"
}

@article{takada82,
  author = 	"Y. Takada",
  journal = 	"J. Phys. Soc. Jpn.",
  year = 	"1982",
  volume = 	"51",
  pages = 	"63"
}

@article{elmakrini80a,
  author = 	"M. {El Makrini} and P. Lagrange and A. H\'erold",
  journal = 	"Carbon",
  year = 	"1980",
  volume = 	"18",
  pages = 	"374"
}

@article{lagrange80,
  author = 	"P. Lagrange and M. {El Makrini} and A. H\'erold",
  journal = 	"C.R. Acad. Sci.",
  year = 	"1980",
  volume = 	"C290",
  pages = 	"283"
}

@article{billaud74a,
  author = 	"D. Billaud and A. H\'erold",
  journal = 	"Bull. Soc. Chim. Fr.",
  year = 	"1974",
  volume = 	"1974",
  pages = 	"2715"
}

@article{billaud78,
  author = 	"D. Billaud and A. H\'erold",
  journal = 	"Bull. Soc. Chim. Fr.",
  year = 	"1978",
  volume = 	"1978",
  pages = 	"131"
}

@book{hansen58,
  author = 	"M. Hansen",
  title = 	"Constitution of Binary Alloys",
  publisher = 	"Elsevier Press",
  year = 	"1958"
}

@unpublished{doll86,
  author = 	"G.L. Doll",
  year= "1986",
  note = 	"private communication"
}

@inproceedings{kamitakahara84b,
  author = 	"W.A. Kamitakahara and P.C. Eklund and L.E. DeLong and M.H. Yang",
  booktitle = 	"Preceedings of the 17th Int. Conf. on Low-Temp. Physics",
  year = 	"1984",
  editor = 	"U. Eckern and A. Schmid and W. Weber and W. Wuehl",
  pages = 	"861",
  organization = 	"North-Holland",
  address = 	"Amsterdam"
}

@article{chow83,
  author = 	"P.F. Chow and H. Zabel",
  journal = 	"Synth. Met.",
  year = 	"1983",
  volume = 	"7",
  pages = 	"243"
}

@article{chow87a,
  author = 	"P.F. Chow and H. Zabel",
  journal = 	"Phys. Rev.",
  year = 	"1987",
  volume = 	"B35",
  pages = 	"3663"
}

@article{essaddek88,
  author = 	"A. Essaddek and J. Assouik and P. Lagrange",
  journal = 	"J. Mater. Res.",
  year = 	"1988",
  pages = 	"submitted"
}

@inproceedings{elmakrini88,
  author = 	"M. {El Makrini} and A. Bendriss-Rerhrhaye and A. Essaddek and J. Assouik and P. Lagrange",
  booktitle = 	"Int. Conf. on Layered Compounds",
  year = 	"1988",
  editor = 	"D. Gu\'erard and P. Lagrange",
  pages = 	"59",
  address = 	"Pont-\'a-Mousson, France"
}

@article{neumann84,
  author = 	"D. Neumann and H. Zabel and J.J. Rush and N. Berk",
  journal = 	"Phys. Rev. Lett.",
  year = 	"1984",
  volume = 	"56",
  pages = 	"653"
}

@article{kim84,
  author = 	"H.J. Kim and H. Mertwoy and T. Koch and J.E. Fischer and D.B. McWhan and J.D. Axe",
  journal = 	"Phys. Rev.",
  year = 	"1984",
  volume = 	"29",
  pages = 	"5947"
}

@article{lagrange83a,
  author = 	"P. Lagrange and M. {El Makrini} and A. H\'erold",
  journal = 	"Rev. Chim. Miner.",
  year = 	"1983",
  volume = 	"20",
  pages = 	"1983"
}

@article{lagrange83,
  author = 	"P. Lagrange and M. {El Makrini} and A. Bendriss",
  journal = 	"Synth. Met.",
  year = 	"1983",
  volume = 	"7",
  pages = 	"33"
}

@article{lagrange80a,
  author = 	"P. Lagrange and M. {El Makrini} and D. Gu\'erard and A. H\'erold",
  journal = 	"Synth. Met.",
  year = 	"1980",
  volume = 	"2",
  pages = 	"191"
}

@inproceedings{heinz83,
  author = 	"R.E. Heinz and P.C. Eklund",
  booktitle = 	"{Proceedings of the Symposium on Intercalated Graphite}",
  year = 	"1983",
  editor = 	"M.S. Dresselhaus and G. Dresselhaus and J.E. Fischer and M.J. Moran",
  pages = 	"81",
  publisher = 	"North-Holland, NY",
  volume = "20"
}

@article{kobayashi79,
  author = 	"M. Kobayashi and I. Tsujikawa",
  journal = 	"J. Phys. Soc. Jpn.",
  year = 	"1979",
  volume = 	"46",
  pages = 	"1945"
}

@article{delong82a,
  author = 	"L.E. DeLong and V. Yeh and P.C. Eklund",
  journal = 	"Sol. State Comm.",
  year = 	"1982",
  volume = 	"44",
  pages = 	"1145"
}

@inproceedings{bendriss86b,
  author = 	"A. Bendriss-Rerhrhaye and P. Lagrange and A. H\'erold",
  booktitle = 	"{Proc.  of Carbon '86, 4$^{th}$ International 
Carbon Conference}",
  year = 	"1986",
  pages = 	"436",
  address = 	"Baden-Baden, West Germany"
}

@article{lagrange80b,
  author = 	"P. Lagrange and M. {El Makrini} and D. Gu\'erard and A. H\'erold",
  journal = 	"Physica",
  year = 	"1980",
  volume = 	"99B",
  pages = 	"473"
}

@unpublished{neumann88,
  author = 	"D.A. Neumann",
  note = 	"private communication",
  year = 	"1988"
}

@inproceedings{yang84,
  author = 	"M.H. Yang and P.C. Eklund and W.A. Kamitakahara",
  booktitle = 	"{Extended Abstracts of the Symposium on Intercalated Graphite}",
  year = 	"1984",
  editor = 	"M.S. Dresselhaus and G. Dresselhaus and S. Solin",
  pages = 	"125",
  organization = 	"Materials Research Society Meeting",
  address = 	"Boston"
}

@article{hamilton65,
  author = 	"W.C. Hamilton",
  journal = 	"Acta Cryst.",
  year = 	"1965",
  volume = 	"18",
  pages = 	"502"
}


@book{mughabghab73,
  author = 	"S.F. Mughabghab and D.I. Garber",
  title = 	"Neutron Cross Sections",
  publisher = 	"Associated Universities, Inc.",
  year = 	"1973"
}

@unpublished{kamitakahara88,
  author = 	"W.A. Kamitakahara",
  note = 	"private commmunication",
  year = 	"1988"
}

@proceedings{hgcdte83,
  title = 	"Technical Issues in Infrared Detectors and Arrays",
  year = 	"1983",
  editor = 	"E. Krikorian and M. Gurnee and W.E. Schoknecht and R.B. Schoolar",
  organization = 	"SPIE Proceedings Vol. 409",
  address = 	"Washington, DC",
  month = 	"April"
}

@article{yang87,
  author = 	"M.H. Yang and P.C. Eklund",
  journal = 	"J. Mater. Res.",
  year = 	"1987",
  volume = 	"1",
  pages = 	"827"
}

@article{zhang87,
  author = 	"J.M. Zhang and P.C. Eklund",
  journal = 	"J. Mater. Res.",
  year = 	"1987",
  volume = 	"2",
  pages = 	"858"
}

@article{elmakrini80b,
  author = 	"M. {El Makrini} and G. Furdin and P. Lagrange and J.F. Mareche and E. McRae and A. H\'erold",
  journal = 	"Synth. Met.",
  year = 	"1980",
  volume = 	"2",
  pages = 	"197"
}

@unpublished{sugihara87,
  author = 	"K. Sugihara",
  note = 	"private communication",
  year = 	"1987"
}

@article{muller87,
  author = 	{K.A. M\"uller and J.G. Bednorz},
  journal = 	"Science",
  year = 	"1987",
  volume = 	"237",
  pages = 	"1133"
}

@article{werthamer63,
  author = 	"N.R. Werthamer",
  journal = 	"Phys. Rev.",
  year = 	"1963",
  volume = 	"132",
  pages = 	"2440"
}

@article{nelson79,
  author = 	"D.R. Nelson and B.I. Halperin",
  journal = 	"Phys. Rev.",
  year = 	"1979",
  volume = 	"19",
  pages = 	"2457"
}

@article{murphy75,
  author = 	"D.W. Murphy and F.J. DiSalvo and G.W. Hull{, Jr.} and J.V. Wasczak and S.F. Meyer and G.R. Stewart and S. Early and J.V. Acrivos and T.H. Geballe",
  journal = 	"J. Chem. Phys.",
  year = 	"1975",
  volume = 	"62",
  pages = 	"967"
}

@article{orr87,
  author = 	"B.G. Orr and H.M. Jaeger and A.M. Goldman",
  journal = 	"Phys. Rev.",
  year = 	"1987",
  volume = 	"B32",
  pages = 	"7586"
}

@article{lobb87,
  author = 	"C.J. Lobb and P.M. Hui and D. Stroud",
  journal = 	"Phys. Rev.",
  year = 	"B36",
  volume = 	"1987",
  pages = 	"1956"
}

@article{forrester88,
  author = 	"M.G. Forrester and H.J. Lee and M. Tinkham and C.J. Lobb",
  journal = 	"Phys. Rev.",
  year = 	"1988",
  volume = 	"B37",
  pages = 	"5966"
}

@article{greene84,
  author = 	"R.L. Greene and P.M. Chaikin",
  journal = 	"Physica",
  year = 	"1984",
  volume = 	"126B",
  pages = 	"431"
}

@article{stewart84,
  author = 	"G.R. Stewart",
  journal = 	"Rev. Mod. Phys.",
  year = 	"1984",
  volume = 	"56",
  pages = 	"755"
}

@article{moodera88,
  author = 	"J.S. Moodera and R. Meservey and J.E. Tkaczyk and C.X. Hao and G.A. Gibson and P.M. Tedrow",
  journal = 	"Phys. rev.",
  year = 	"1988",
  volume = 	"B37",
  pages = 	"619"
}

@incollection{whittingham82,
  booktitle = 	"Intercalation Chemistry",
  publisher = 	"Academic Press",
  year = 	"1982",
  editor = 	"M.S. Whittingham and A.J. Jacobson"
}

@article{monceau77,
  author = 	"P. Monceau and J. Peyrand and J. Richard and P. Molinie ",
  journal = 	"Phys. Rev. Lett. ",
  year = 	"1977",
  volume = 	"39",
  pages = 	"161"
}

@article{orlando87,
  author = 	"T.P. Orlando and K.A. Delin and S. Foner and E.J. McNiff{, Jr.} and J.M. Tarascon and L.H. Greene and W.R. McKinnon and G.W. Hull",
  journal = 	"Phys. Rev.",
  year = 	"1987",
  volume = 	"36",
  pages = 	"2394"
}

@article{worthington87,
  author = 	"T.K. Worthington and W.J. Gallagher and T.R. Dinger",
  journal = 	"Phys. Rev. Lett.",
  year = 	"1987",
  volume = 	"59",
  pages = 	"1160"
}

@article{harper68,
  author = 	"F.E. Harper and M. Tinkham",
  journal = 	"Phys. Rev.",
  year = 	"1968",
  volume = 	"172",
  pages = 	"441"
}

@article{burger65,
  author = 	"J.P. Burger and G. Deutscher and E. Guyon and A. Martinet",
  journal = 	"Phys. Rev.",
  year = 	"1965",
  volume = 	"137A",
  pages = 	"853"
}

@article{kerchner81,
  author = 	"H.R. Kerchner and D.K. Christen and S.T. Sekula ",
  journal = 	"Phys. REv.",
  year = 	"1981",
  volume = 	"B24",
  pages = 	"1200"
}

@article{morris73,
  author = 	"R.C. Morris and R.V. Coleman",
  journal = 	"Phys. Rev.",
  year = 	"1973",
  volume = 	"B7",
  pages = 	"991"
}

@article{friend79,
  author = 	"R.H. Friend and D. J\'erome",
  journal = 	"J. Phys.",
  year = 	"1979",
  volume = 	"C12",
  pages = 	"1441"
}

@article{wilson74,
  author = 	"J.A. Wilson and F.J. DiSalvo and S. Mahajan",
  journal = 	"Phys. Rev. Lett.",
  year = 	"1974",
  volume = 	"32",
  pages = 	"882"
}

@inproceedings{makous87,
  author = 	"J.L. Makous and J.A. Leavitt and L.G. McIntyre{, Jr.} and L. Maritato and R. Vaglio and A. Cuccolo and C.M. Falco",
  booktitle = 	{Multilayers: Synthesis, Properties, and Nonelectronic Applications},
  year = 	"1988",
  editor = 	"T. W. Barbee{, Jr.} and F. Spaepen and L. Greer",
  note = "{volume {\bf 103}}",
  pages = 	"287",
  publisher ="Materials Research Society, Pittsburgh, PA"
}

@misc{broussard87b,
author ="P.R. Broussard and T.H. Geballe",
title ="Search for a New Phase Transition in Superconducting Multilayers", 
howpublished = {Bull.  American Physical Society},
volume = {32}, pages ="650",
year ="1987",
note ="APS March Meeting"
}

@proceedings{mrs87,
  title = 	"Multilayers: Synthesis, Properties, and Non-Electronic Applications",
  year = 	"1988",
  editor = 	"T.W. Barbee{, Jr.} and F. Spaepen and L. Greer",
  publisher = 	"Materials Research Society",
  note = 	"Proceedings Volume  103",
  address = 	"Boston",
  month = 	"December"
}

@article{uher86,
  author = 	"C. Uher and J.L. Cohn and I.K. Schuller",
  journal = 	"Phys. Rev.",
  year = 	"1986",
  volume = 	"B34",
  pages = 	"4906"
}

@article{orlando87a,
  author = 	"T.P. Orlando and K.A. Delin and S. Foner and E.J. McNiff{, Jr.} and J.M. Tarascon and L.H. Greene and W.R. McKinnon and G.W. Hull",
  journal = 	"Phys. Rev.",
  year = 	"1987",
  volume = 	"B35",
  pages = 	"7249"
}

@article{uchida87b,
author ={S. Uchida and H. Takagi and  S. Tanaka and and K. Nakao and N. Miura and K. Kishio and K. Kitazawa and K. Fueki},
year ="1987",
journal = {Jpn.  J.  Appl.  Phys.},
volume="26", pages="L196"
}


@article{vanbentum87,
  author = 	"P.J.M. van Bentum and J. van Kempen and L.E.C. van de Leemput and J.A.A.J. Perenboom and L.W.M. Scheurs and P.A.A. Teunissen",
  journal = 	"Phys. Rev.",
  year = 	"1987",
  volume = 	"B36",
  pages = 	"5279"
}

@article{foner73,
  author = 	"S. Foner and E.J. McNiff{, Jr.}",
  journal = 	"Phys. Lett.",
  year = 	"1973",
  volume = 	"45A",
  pages = 	"429"
}

@article{orlando87b,
  author = 	"T.P. Orlando and K.A. Delin and S. Foner and E.J. McNiff{, Jr.} and J.M. Tarascon and L.H. Greene and W.R. McKinnon and G.W. Hull",
  journal = 	"Phys. Rev.",
  year = 	"1987",
  volume = 	"B35",
  pages = 	"5347"
}


@article{hidaka87,
  author = 	"Y. Hidaka and Y. Enomoto and M. Suzuki and M. Oda and A. Katsui and T. Murakami",
  journal = 	"Jpn. J. Appl. Phys.",
  year = 	"1987",
  volume = 	"26",
  pages = 	"L726"
}

@article{mcguire87,
  author = 	"T.R. McGuire and T.R. Dinger and P.J.P. Freitas and W.J. Galagher and T.S. Plaskett and R.L. Sandstrom and T.M. Shaw",
  journal = 	"Phys. Rev.",
  year = 	"1987",
  volume = 	"B36",
  pages = 	"4032"
}

@article{rettori87,
  author = 	"C. Rettori and D. Davidov and I. Belaish and I. Felner",
  journal = 	"Phys. Rev.",
  year = 	"1987",
  volume = 	"B36",
  pages = 	"4028"
}

@article{welch87,
  author = 	"D.O. Welch and M. Suenaga and T. Asano",
  journal = 	"Phys. Rev.",
  year = 	"1987",
  volume = 	"B36",
  pages = 	"2390"
}

@article{hikita87,
  author = 	"M. Hikita and Y. Tajima and A. Katsui and Y. Hidaka and T. Iwata and S. Tsurumi",
  journal = 	"Jpn. J. Appl. Phys.",
  year = 	"1987",
  volume = 	"26",
  pages = 	"?"
}

@article{noel87,
  author = 	"H. Noel and P. Gougeon and J. Padiou and J.C. Levet and M. Potel and  O. Laborde and P. Monceau",
  journal = 	"Sol. State Comm.",
  year = 	"1987",
  volume = 	"63",
  pages = 	"915"
}

@article{dinger87,
  author = 	"T.R. Dinger and T.K. Worthington and W.J. Gallagher and R.L. Sandstrom",
  journal = 	"Phys. Rev. Lett.",
  year = 	"1987",
  volume = 	"58",
  pages = 	"2687"
}

@article{tamegai87,
  author = 	"T. Tamegai and A. Watanabe and I. Oguro and Y. Iye",
  journal = 	"Jap. J. App. Phys.",
  year = 	"1987",
  volume = 	"26",
  pages = 	"L1304"
}

@article{pool88,
  author = 	"R. Pool",
  journal = 	"Science",
  year = 	"1988",
  volume = 	"240",
  pages = 	"147"
}

@inbook{stritzker78,
  author = 	"B. Stritzker and H. {W\"uhl}",
  title = 	"Topics in Appl. Phys. 29",
  publisher = 	"Springer Verlag",
  year = 	"1978",
  editor = 	"G. Alefeld and J. {V\"olkl}",
  pages = 	"243",
  address = 	"Heidelberg"
}

@inbook{switendick78,
  author = 	"A.C. Switendick",
  title = 	"Topics in Appl. Phys. {\bf 29}",
  publisher = 	"Springer Verlag",
  year = 	"1978",
  editor = 	"G. Alefeld and J. {V\"olkl}",
  pages = 	"243",
  address = 	"Heidelberg"
}

@article{enoki88a,
  author = 	"T. Enoki and H. Inokuchi and M. Sano",
  journal = 	"Phys. Rev.",
  year = 	"1988",
  volume = 	"B37",
  pages = 	"9163"
}

@inbook{economou81,
  author = 	"E.N. Economou",
  title = 	"Metal Hydrides",
  publisher = 	"Plenum Press",
  year = 	"1981",
  editor = 	"G. Bambakidis",
  pages = 	"1",
  address = 	"New York"
}

@inbook{gupta81,
  author = 	"M. Gupta",
  title = 	"Metal Hydrides",
  publisher = 	"Plenum Press",
  year = 	"1981",
  editor = 	"G. Bambakidis",
  pages = 	"255",
  address = 	"New York"
}

@article{gupta84,
  author = 	"M. Gupta",
  journal = 	"Sol. State Comm.",
  year = 	"1984",
  volume = 	"50",
  pages = 	"439"
}

@article{bilbro76,
  author = 	"G. Bilbro and W.L. McMillan",
  journal = 	"Phys. Rev.",
  year = 	"1976",
  volume = 	"B14",
  pages = 	"1887"
}

@article{fuller81,
  author = 	"W.W. Fuller and P.M. Chaikin and N.P. Ong",
  journal = 	"Phys. Rev.",
  year = 	"1981",
  volume = 	"B24",
  pages = 	"1333"
}

@article{smith72,
  author = 	"T.F. Smith and L.E. Delong and A.R. Moodenbaugh and T.H. Geballe and R.E. Schwall",
  journal = 	"J. Phys. C",
  year = 	"1972",
  volume = 	"5",
  pages = 	"L230"
}

@article{rice73,
  author = 	"M.J. Rice and S. {Str\"assler}",
  journal = 	"Sol. State Comm.",
  year = 	"1973",
  volume = 	"13",
  pages = 	"125"
}

@article{lagrange78,
  author = 	"P. Lagrange and A. H\'erold",
  journal = 	"Carbon",
  year = 	"1978",
  volume = 	"16",
  pages = 	"235"
}

@article{billaud74,  
author="D.  Billaud and A.  H\'erold", 
journal={Bull.\ Soc.\ Chim.\ Fr.}, volume={11}, pages="
2407 ", year="1974"
}

@article{senbetu85,
  author = 	"L. Senbetu and H. Ikezi and C. Umrigar",
  journal = 	"Phys. Rev.",
  year = 	"1985",
  volume = 	"B32",
  pages = 	"750"
}

@book{christian81,
  author = 	"J.W. Christian",
  title = 	"The Theory of Transformation in Metals and Alloys",
  publisher = 	"Pergamon Press",
  year = 	"1981"
}

@article{wilson75,
  author = 	"J.A. Wilson and F.J. DiSalvo and S. Mahajan",
  journal = 	"Adv. Phys.",
  year = 	"1975",
  volume = 	"24",
  pages = 	"117"
}

@article{coleman85,
  author = 	"R.V. Coleman and B. Drake and P.K. Hansma and G. Slough",
  journal = 	"Phys. Rev. Lett.",
  year = 	"1985",
  volume = 	"55",
  pages = 	"394"
}

@article{roberts76,
  author = 	"B.W. Roberts",
  journal = 	"J. Phys. Chem. Ref. Data",
  year = 	"1976",
  volume = 	"5",
  pages = 	"661"
}

@article{inoshita77,
  author = 	"T. Inoshita and K. Nakao and H. Kamimura",
  journal = 	"J. Phys. Soc. Jpn.",
  year = 	"1977",
  volume = 	"43",
  pages = 	"1237"
}

@article{thompson72,
  author = 	"A.H. Thompson and F.R. Gamble and R.F. Koehler{, Jr.}",
  journal = 	"Phys. Rev.",
  year = 	"1972",
  volume = 	"5",
  pages = 	"2811"
}

@inproceedings{iye88,
  author = 	"Y. Iye",
  booktitle = 	"Extended Abstracts on the Symposium on Graphite Intercalation Compounds",
  year = 	"1988",
  editor = 	"M.S. Dresselhaus and G. Dresselhaus",
  pages = 	"to be published",
  organization = 	"Materials Research Society",
  address = 	"Boston, MA"
}

@article{solin84a,
  author = 	"S.A. Solin and P.C. Chow and H. Zabel",
  journal = 	"Phys. Rev. Lett.",
  year = 	"1984",
  volume = 	"53",
  pages = 	"1927"
}

@article{avdeev86,
  author = 	"V.V. Avdeev and O.V. Zharikov and V.A. Nalimova and A.V. Pal'nichenko and K.N. Semenenko",
  journal = 	"JETP Lett.",
  year = 	"1986",
  volume = 	"43",
  pages = 	"484"
}

@article{axe83,
  author = 	"J.D. Axe and J.B. Hastings",
  journal = 	"Acta Cryst.",
  year = 	"1983",
  volume = 	"A39",
  pages = 	"593"
}

@article{banerjee84,
  author = 	"I. Banerjee and I.K. Schuller",
  journal = 	"J. Low Temp. Phys.",
  year = 	"1984",
  volume = 	"54",
  pages = 	"1984"
}

@article{denhoff82,
  author = 	"M.W. Denhoff and S. Gygax",
  journal = 	"Phys. Rev.",
  year = 	"1982",
  volume = 	"B25",
  pages = 	"4479"
}

@article{divincenzo82,
  author = 	"D.P. DiVincenzo and S. Rabii",
  journal = 	"Phys. Rev.",
  year = 	"1982",
  volume = 	"B25",
  pages = 	"4110"
}

@article{hendricks42,
  author = 	"S. Hendricks and E. Teller",
  journal = 	"J. Chem. Phys.",
  year = 	"1942",
  volume = 	"10",
  pages = 	"147"
}

@article{clem66,
  author = 	"J.R. Clem",
  journal = 	"Ann. Phys. (N.Y.)",
  year = 	"1966",
  volume = 	"40",
  pages = 	"268"
}

@article{osborn45,
  author = 	"J.A. Osborn",
  journal = 	"Phys. Rev.",
  year = 	"1945",
  volume = 	"67",
  pages = 	"351"
}

% Local Variables:
% auto-fill-hook:nil
% End:
